@online{heartbleed,
  author = {Synopsys, Inc.},
  url = {http://heartbleed.com/},
  title = {The Heartbleed Bug},
  urldate = {2018-04-10},
  year = {2017},
}