@article{Chen17arxiv,
  author    = {Hongxu Chen and
               Alwen Tiu and
               Zhiwu Xu and
               Yang Liu},
  title     = {A Permission-Dependent Type System for Secure Information Flow Analysis},
  journal   = {CoRR},
  volume    = {abs/1709.09623},
  year      = {2017},
  url       = {http://arxiv.org/abs/1709.09623},
  archivePrefix = {arXiv},
  eprint    = {1709.09623},
  timestamp = {Thu, 05 Oct 2017 09:43:07 +0200},
  biburl    = {https://dblp.org/rec/bib/journals/corr/abs-1709-09623},
  bibsource = {dblp computer science bibliography, https://dblp.org}
}


@inproceedings{MantelSS11,
  author    = {Heiko Mantel and
               David Sands and
               Henning Sudbrock},
  title     = {Assumptions and Guarantees for Compositional Noninterference},
  booktitle = {Proceedings of the 24th {IEEE} Computer Security Foundations Symposium,
               {CSF} 2011, Cernay-la-Ville, France, 27-29 June, 2011},
  pages     = {218--232},
  year      = {2011},
  publisher = {{IEEE} Computer Society},
  url       = {https://doi.org/10.1109/CSF.2011.22},
  doi       = {10.1109/CSF.2011.22},
  timestamp = {Thu, 25 May 2017 00:40:50 +0200},
  biburl    = {https://dblp.org/rec/bib/conf/csfw/MantelSS11},
  bibsource = {dblp computer science bibliography, https://dblp.org}
}

@article{Polikarpova16,
  author    = {Nadia Polikarpova and
               Jean Yang and
               Shachar Itzhaky and
               Armando Solar{-}Lezama},
  title     = {Type-Driven Repair for Information Flow Security},
  journal   = {CoRR},
  volume    = {abs/1607.03445},
  year      = {2016},
  url       = {http://arxiv.org/abs/1607.03445},
  archivePrefix = {arXiv},
  eprint    = {1607.03445},
  timestamp = {Thu, 14 Dec 2017 01:11:18 +0100},
  biburl    = {https://dblp.org/rec/bib/journals/corr/PolikarpovaYIS16},
  bibsource = {dblp computer science bibliography, https://dblp.org}
}


@inproceedings{Yang12POPL,
  author    = {Jean Yang and
               Kuat Yessenov and
               Armando Solar{-}Lezama},
  title     = {A language for automatically enforcing privacy policies},
  booktitle = {Proceedings of the 39th {ACM} {SIGPLAN-SIGACT} Symposium on Principles
               of Programming Languages, {POPL} 2012},
  pages     = {85--96},
  year      = {2012},
  publisher = {{ACM}},
  url       = {http://doi.acm.org/10.1145/2103656.2103669},
  doi       = {10.1145/2103656.2103669},
  timestamp = {Thu, 14 Dec 2017 01:11:18 +0100},
  biburl    = {https://dblp.org/rec/bib/conf/popl/YangYS12},
  bibsource = {dblp computer science bibliography, https://dblp.org}
}

@inproceedings{Gunadi:2015,
 author = {Gunadi, Hendra},
 title = {Formal Certification of Non-interferent Android Bytecode (DEX Bytecode)},
 booktitle = {Proceedings of the 2015 20th International Conference on Engineering of Complex Computer Systems (ICECCS)},
 series = {ICECCS '15},
 year = {2015},
 pages = {202--205},
 numpages = {4},
 acmid = {2920763},
 address = {Washington, DC, USA}
}

@inproceedings{Hunt:2006:FST:1111037.1111045,
 author = {Hunt, Sebastian and Sands, David},
 title = {On Flow-sensitive Security Types},
 booktitle = {Conference Record of the 33rd ACM SIGPLAN-SIGACT Symposium on Principles of Programming Languages},
 series = {POPL '06},
 year = {2006},
 isbn = {1-59593-027-2},
 location = {Charleston, South Carolina, USA},
 pages = {79--90},
 numpages = {12},
 acmid = {1111045},
 publisher = {ACM},
 address = {New York, NY, USA},
 keywords = {flow-sensitivity, information flow, non-interference, static analysis, type systems},
}

@InProceedings{Sun:SAS04,
author="Sun, Qi and Banerjee, Anindya and Naumann, David A.",
editor="Giacobazzi, Roberto",
title="Modular and Constraint-Based Information Flow Inference for an Object-Oriented Language",
booktitle="Static Analysis",
year="2004",
publisher="Springer Berlin Heidelberg",
address="Berlin, Heidelberg",
pages="84--99",
isbn="978-3-540-27864-1"
}

@INPROCEEDINGS{Li:csf17,
author={P. Li and D. Zhang},
booktitle={2017 IEEE 30th Computer Security Foundations Symposium (CSF)},
title={Towards a Flow- and Path-Sensitive Information Flow Analysis},
year={2017},
volume={},
number={},
pages={53-67},
ISSN={},
month={Aug},}

@article{Enck:2009:UAS:1512148.1512324,
	author = {Enck, William and Ongtang, Machigar and McDaniel, Patrick},
	title = {Understanding Android Security},
	journal = {IEEE Security and Privacy},
	issue_date = {January 2009},
	volume = {7},
	number = {1},
	month = jan,
	year = {2009},
	issn = {1540-7993},
	pages = {50--57},
	numpages = {8},
	acmid = {1512324},
	publisher = {IEEE Educational Activities Department},
	address = {Piscataway, NJ, USA},
	keywords = {Android, Android, mobile phones, Smartphones, security, Smartphones, mobile phones, security},
}

@TechReport{necula:pcc:1996,
  title = {Proof-Carrying Code},
  author = {Necula, George C and Lee, Peter},
  institution = {School of Computer Science, Carnegie Mellon University},
  year = {1996},
  note = {CMU-CS-96-165},
}

@inproceedings{Li:2016jb,
author = {Li, Ximeng and Nielson, Flemming and Riis Nielson, Hanne},
title = {{Future-dependent Flow Policies with Prophetic Variables}},
booktitle = {the 2016 ACM Workshop},
year = {2016},
pages = {29--42},
publisher = {ACM Press},
address = {New York, NY, USA}
}

@article{Dependent_SIFUM_Type_Systems-AFP,
  author  = {Toby\vspace{0mm} Murray and Robert\vspace{0mm} Sison and Edward Pierzchalski and Christine Rizkallah},
  title   = {A Dependent Security Type System for Concurrent Imperative Programs},
  journal = {Archive of Formal Proofs},
  month   = jun,
  year    = 2016,
  note    = {\url{http://isa-afp.org/entries/Dependent_SIFUM_Type_Systems.shtml},
            Formal proof development},
  ISSN    = {2150-914x},
}

@article{Dependent_SIFUM_Refinement-AFP,
  author  = {Murray\vspace{0mm}, Toby and Sison, Robert and Pierzchalski, Edward and Rizkallah, Christine},
  title   = {Compositional Security-Preserving Refinement for Concurrent Imperative Programs},
  journal = {Archive of Formal Proofs},
  month   = jun,
  year    = 2016,
  note    = {\url{http://isa-afp.org/entries/Dependent_SIFUM_Refinement.shtml},
            Formal proof development},
  ISSN    = {2150-914x},
}

@inproceedings{Murray:2015jm,
author = {Murray, T},
title = {{Short Paper: On High-Assurance Information-Flow-Secure Programming Languages}},
booktitle = {Proceedings of the 10th ACM Workshop on Programming Languages and Analysis for Security},
year = {2015}
}

@inproceedings{Toby2016csf, 
author={T. Murray \vspace{0mm} and R. Sison and E. Pierzchalski and C. Rizkallah}, 
booktitle={2016 IEEE 29th Computer Security Foundations Symposium (CSF)}, 
title={Compositional Verification and Refinement of Concurrent Value-Dependent Noninterference}, 
year={2016}, 
pages={417-431},
month={June},}

@inproceedings{Lourenco:2015:DIF,
 author = {Louren\c{c}o, Lu\'{\i}sa and Caires, Lu\'{\i}s},
 title = {Dependent Information Flow Types},
 booktitle = {Proceedings of the 42Nd Annual ACM SIGPLAN-SIGACT Symposium on Principles of Programming Languages},
 series = {POPL '15},
 year = {2015},
 location = {Mumbai, India},
 pages = {317--328},
 numpages = {12},
 acmid = {2676994},
 address = {New York, NY, USA},
 keywords = {dependent type systems, information flow},
}

@inproceedings{Ernst:2014,
 author = {Ernst, Michael D. and Just, Ren{\'e} and Millstein, Suzanne and Dietl, Werner and Pernsteiner, Stuart and Roesner, Franziska and Koscher, Karl and Barros, Paulo Barros and Bhoraskar, Ravi and Han, Seungyeop and Vines, Paul and Wu, Edward X.},
 title = {Collaborative Verification of Information Flow for a High-Assurance App Store},
 booktitle = {Proceedings of the 2014 ACM SIGSAC Conference on Computer and Communications Security},
 series = {CCS '14},
 year = {2014},
 isbn = {978-1-4503-2957-6},
 location = {Scottsdale, Arizona, USA},
 pages = {1092--1104},
 numpages = {13},
 acmid = {2660343},
 publisher = {ACM},
 address = {New York, NY, USA},
 keywords = {android security, collaborative verification, information flow, static analysis},
} 


@book{Winskel:1993:FSP,
 author = {Winskel, Glynn},
 title = {The Formal Semantics of Programming Languages: An Introduction},
 year = {1993},
 isbn = {0-262-23169-7},
 publisher = {MIT Press},
 address = {Cambridge, MA, USA},
}

@Inbook{vanRest2014,
author="van Rest, Jeroen
and Boonstra, Daniel
and Everts, Maarten
and van Rijn, Martin
and van Paassen, Ron",
editor="Preneel, Bart and Ikonomou, Demosthenes",
title="Designing Privacy-by-Design",
bookTitle="Privacy Technologies and Policy: First Annual Privacy Forum, APF 2012, Limassol, Cyprus, October 10-11, 2012, Revised Selected Papers",
year="2014",
address="Berlin, Heidelberg",
pages="55--72",
}

@inproceedings{Brewer1989, 
author={D. F. C. Brewer and M. J. Nash}, 
booktitle={Security and Privacy, 1989. Proceedings., 1989 IEEE Symposium on}, 
title={The Chinese Wall security policy}, 
year={1989}, 
pages={206-214}, 
month={May},
}

@Inbook{Takata2010,
author = {Takata, Yoshiaki and Seki, Hiroyuki},
editor = {Bouajjani, Ahmed and Chin, Wei-Ngan},
title={Automatic Generation of History-Based Access Control from Information Flow Specification},
bookTitle={Automated Technology for Verification and Analysis: 8th International Symposium, ATVA 2010, Singapore, September 21-24, 2010. Proceedings},
year={2010},
address={Berlin, Heidelberg},
pages={259--275},
}


@inproceedings{Liu:2007,
 author = {Liu, Dongxi},
 title = {Bytecode Verification for Enhanced JVM Access Control},
 booktitle = {Proceedings of the The Second International Conference on Availability, Reliability and Security},
 series = {ARES '07},
 year = {2007},
 pages = {162--172},
 numpages = {11},
 acmid = {1250475},
 address = {Washington, DC, USA}
}

@article{Banerjee_asimple,
Author = {Anindya Banerjee and David A. Naumann},
Title = {A Simple Semantics and Static Analysis for Stack Inspection},
Year = {2013},
Eprint = {arXiv:1309.5144},
Howpublished = {EPTCS 129, 2013, pp. 284-308},
Doi = {10.4204/EPTCS.129.17},
}

@inproceedings{Pistoia:2007,
 author = {Pistoia, Marco and Banerjee, Anindya and Naumann, David A.},
 title = {Beyond Stack Inspection: A Unified Access-Control and Information-Flow Security Model},
 booktitle = {Proceedings of the 2007 IEEE Symposium on Security and Privacy},
 series = {SP '07},
 year = {2007},
 pages = {149--163},
 numpages = {15},
 acmid = {1264204},
 address = {Washington, DC, USA}
} 


@misc{Android-Binder-IPC,
    author   = {Android Developers},
    title    = {Binder},
    year     = {2017},
    note = {online, accessed on 07-July-2017},
    howpublished = {\url{https://developer.android.com/reference/android/os/Binder.html}},
}

@misc{Android-CheckPerm,
  author   = {Android Developers},
  year     = {2017},
  title = {PermissionChecker | Android Developers},
  note = {online, accessed on 07-July-2017},
  howpublished = {\url{https://developer.android.com/reference/android/support/v4/content/PermissionChecker.html}},
}

@inproceedings{lunt1989, 
author={T. F. Lunt}, 
booktitle={Security and Privacy, 1989. Proceedings., 1989 IEEE Symposium on}, 
title={Aggregation and inference: facts and fallacies}, 
year={1989}, 
pages={102-109},
month={May},}

@inproceedings{Kennedy2015, 
author={M. Kennedy and R. Sulaiman}, 
booktitle={Electrical Engineering and Informatics (ICEEI), 2015 International Conference on}, 
title={Following the Wi-Fi breadcrumbs: Network based mobile application privacy threats}, 
year={2015}, 
pages={265-270},
month={Aug},}

@inproceedings{Marforio:2012,
 author = {Marforio, Claudio and Ritzdorf, Hubert and Francillon, Aur{\'e}lien and Capkun, Srdjan},
 title = {Analysis of the Communication Between Colluding Applications on Modern Smartphones},
 booktitle = {Proceedings of the 28th Annual Computer Security Applications Conference},
 series = {ACSAC '12},
 year = {2012},
 location = {Orlando, Florida, USA},
 pages = {51--60},
 numpages = {10},
 acmid = {2420958},
 address = {New York, NY, USA}
}

@techreport{Fuchs2010,
author = {Fuchs, Adam P and Chaudhuri, Avik and Foster, Jeffrey},
number = {CS-TR-4991},
title = {{SCanDroid : Automated Security Certification of Android Applications}},
institution = {University of Maryland},
year = {2009},
MONTH = {November},
}


@inproceedings{Lortz:2014ku,
 author = {Lortz, Steffen and Mantel, Heiko and Starostin, Artem and Bahr, Timo and Schneider, David and Weber, Alexandra},
 year = {2014},
 title = {Cassandra: Towards a Certifying App Store for Android},
 booktitle = {Proceedings of the 4th ACM Workshop on Security and Privacy in Smartphones and Mobile Devices},
 series = {SPSM '14},
 location = {Scottsdale, Arizona, USA},
 pages = {93--104},
 numpages = {12},
 acmid = {2666631},
 address = {New York, NY, USA},
 keywords = {mobility, proof-carrying code, software security}
} 

@article{Nanevski2013DTT,
 author = {Nanevski, Aleksandar and Banerjee, Anindya and Garg, Deepak},
 year = {2013},
 title = {Dependent Type Theory for Verification of Information Flow and Access Control Policies},
 journal = {ACM Transactions on Programming Languages and Systems (TOPLAS)},
 issue_dase = {July 2013},
 volume = {35},
 number = {2},
 month = jul,
 pages = {6:1--6:41},
 articleno = {6},
 numpages = {41},
 acmid = {2491523},
 address = {New York, NY, USA},
 keywords = {Information flow, access control, type theory}
}

@article{Banerjee:2005ht,
 author = {Banerjee, Anindya and Naumann, David A.},
 title = {Stack-based Access Control and Secure Information Flow},
 journal = {Journal of Functional Programming},
 issue_date = {March 2005},
 volume = {15},
 number = {2},
 month = mar,
 year = {2005},
 pages = {131--177},
 numpages = {47},
 acmid = {1052522},
 address = {New York, NY, USA},
}

@article{Myers:1997vh,
 author = {Myers, Andrew C. and Liskov, Barbara},
 title = {A Decentralized Model for Information Flow Control},
 journal = {SIGOPS Oper. Syst. Rev.},
 issue_date = {Dec. 1997},
 volume = {31},
 number = {5},
 month = oct,
 year = {1997},
 pages = {129--142},
 numpages = {14},
 acmid = {266669},
 address = {New York, NY, USA},
}

@inproceedings{Goguen:1982ta,
author = {Goguen, Joseph A and Meseguer, Jos{\'e}},
title = {{Security Policies and Security Models}},
booktitle = {SOSP},
year = {1982},
pages = {11--20}
}

@article{Denning:1976cl,
 author = {Denning, Dorothy E.},
 title = {A Lattice Model of Secure Information Flow},
 journal = {Communications of the ACM},
 issue_date = {May 1976},
 volume = {19},
 number = {5},
 month = may,
 year = {1976},
 pages = {236--243},
 numpages = {8},
 acmid = {360056},
 address = {New York, NY, USA},
 keywords = {information flow, lattice, program certification, protection, security, security class},
} 

@article{Denning:1977hwa,
 author = {Denning, Dorothy E. and Denning, Peter J.},
 title = {Certification of Programs for Secure Information Flow},
 journal = {Communications of the ACM},
 issue_date = {July 1977},
 volume = {20},
 number = {7},
 month = jul,
 year = {1977},
 pages = {504--513},
 numpages = {10},
 acmid = {359712},
 address = {New York, NY, USA},
 keywords = {confinement, information flow, lattice, program certification, protection, security, security classes},
}

@article{Arden:2012et,
author = {Arden, Owen and George, Michael D and Liu, Jed and Vikram, K and Askarov, Aslan and Myers, Andrew C},
title = {{Sharing Mobile Code Securely with Information Flow Control}},
journal = {IEEE Symposium on Security and Privacy},
year = {2012},
pages = {191--205}
}

@article{Sabelfeld:2003,
 author = {Sabelfeld, A. and Myers, A. C.},
 title = {Language-based Information-flow Security},
 journal = {IEEE Journal on Selected Areas in Communications},
 issue_date = {January 2003},
 volume = {21},
 number = {1},
 month = sep,
 year = {2003},
 pages = {5--19},
 numpages = {15},
 acmid = {2314769},
 address = {Piscataway, NJ, USA},
}

@article{Li:2015vw,
author = {Li, Ximeng and Nielson, Flemming and Nielson, Hanne Riis and Feng, Xinyu},
title = {{Disjunctive Information Flow for Communicating Processes.}},
journal = {TGC},
year = {2015}
}

@inproceedings{Zhang:2015bc,
author = {Zhang, Danfeng and Wang, Yao and Suh, G Edward and Myers, Andrew C},
title = {{A Hardware Design Language for Timing-Sensitive Information-Flow Security}},
booktitle = {the Twentieth International Conference},
year = {2015},
pages = {503--516},
publisher = {ACM Press},
address = {New York, New York, USA}
}

@article{Zheng:2007cd,
author = {Zheng, Lantian and Myers, Andrew C},
title = {{Dynamic security labels and static information flow control.}},
journal = {International Journal of Information Security},
year = {2007},
volume = {6},
number = {2-3},
pages = {67--84}
}

@inproceedings{Myers:1999,
 author = {Myers, Andrew C.},
 title = {JFlow: Practical Mostly-static Information Flow Control},
 booktitle = {Proceedings of the 26th ACM SIGPLAN-SIGACT Symposium on Principles of Programming Languages},
 series = {POPL '99},
 year = {1999},
 location = {San Antonio, Texas, USA},
 pages = {228--241},
 numpages = {14},
 acmid = {292561},
 address = {New York, NY, USA},
} 

@inproceedings{Barthe:2007fxa,
 author = {Barthe, Gilles and Pichardie, David and Rezk, Tamara},
 title = {A Certified Lightweight Non-interference Java Bytecode Verifier},
 booktitle = {Proceedings of the 16th European Symposium on Programming},
 series = {ESOP'07},
 year = {2007},
 location = {Braga, Portugal},
 pages = {125--140},
 numpages = {16},
 acmid = {1762189},
 address = {Berlin, Heidelberg},
}

@article{Fang:2014ci,
author = {Fang, Zheran and Han, Weili and Li, Yingjiu},
title = {{Permission based Android security: Issues and countermeasures}},
journal = {Computers {\&} Security},
year = {2014},
volume = {43},
number = {C},
pages = {205--218},
month = jun
}

@booklet{Marforio:2011tm,
title = {{Application collusion attack on the permission-based security model and its implications for modern smartphone systems}},
author = {Marforio, C and Francillon, A and Capkun, S},
year = {2011}
}

@inproceedings{Li:2015:IDI,
 author = {Li, Li and Bartel, Alexandre and Bissyand{\'e}, Tegawend{\'e} F. and Klein, Jacques and Le Traon, Yves and Arzt, Steven and Rasthofer, Siegfried and Bodden, Eric and Octeau, Damien and McDaniel, Patrick},
 title = {IccTA: Detecting Inter-component Privacy Leaks in Android Apps},
 booktitle = {Proceedings of the 37th International Conference on Software Engineering - Volume 1},
 series = {ICSE '15},
 year = {2015},
 isbn = {978-1-4799-1934-5},
 location = {Florence, Italy},
 pages = {280--291},
 numpages = {12},
 acmid = {2818791},
 address = {Piscataway, NJ, USA},
} 

@inproceedings{Chin:2011wa,
 author = {Chin, Erika and Felt, Adrienne Porter and Greenwood, Kate and Wagner, David},
 title = {Analyzing Inter-application Communication in Android},
 booktitle = {Proceedings of the 9th International Conference on Mobile Systems, Applications, and Services},
 series = {MobiSys '11},
 year = {2011},
 location = {Bethesda, Maryland, USA},
 pages = {239--252},
 numpages = {14},
 acmid = {2000018},
 address = {New York, NY, USA},
 keywords = {Android, intents, message passing, mobile phone security},
} 

@article{Volpano:1996,
 author = {Volpano, Dennis and Irvine, Cynthia and Smith, Geoffrey},
 title = {A Sound Type System for Secure Flow Analysis},
 journal = {Journal of Computer Security},
 issue_date = {Jan. 1996},
 volume = {4},
 number = {2-3},
 month = jan,
 year = {1996},
 pages = {167--187},
 numpages = {21},
 acmid = {353648},
 address = {Amsterdam, The Netherlands, The Netherlands},
 keywords = {program security, soundness proofs, type systems},
} 

@inproceedings{Chaudhuri:2009ii,
 author = {Chaudhuri, Avik},
 title = {Language-based Security on Android},
 booktitle = {Proceedings of the ACM SIGPLAN Fourth Workshop on Programming Languages and Analysis for Security},
 series = {PLAS '09},
 year = {2009},
 location = {Dublin, Ireland},
 pages = {1--7},
 numpages = {7},
 acmid = {1554341},
 address = {New York, NY, USA},
 keywords = {certified compilation, data-flow security, hybrid type system, mobile code},
} 

@article{Felt:2016uv,
author = {Felt, Adrienne Porter and Chin, Erika and Hanna, Steve and Song, Dawn and Wagner, David},
title = {{Android permissions demystified}},
year = {2016},
pages = {1--11},
month = jun
}

@article{Barthe:2005ju,
author = {Barthe, Gilles and Rezk, Tamara},
title = {{Non-interference for a JVM-like language.}},
journal = {TLDI},
year = {2005},
pages = {103--112}
}

@article{Barthe:2006jh,
author = {Barthe, Gilles and Rezk, Tamara and Naumann, David A},
title = {{Deriving an Information Flow Checker and Certifying Compiler for Java.}},
journal = {IEEE Symposium on Security and Privacy},
year = {2006},
pages = {230--242}
}

@article{Nadkarni:2016tf,
author = {Nadkarni, Adwait and Andow, Benjamin and Enck, William and Jha, Somesh},
title = {{Practical DIFC Enforcement on Android}},
journal = {USENIX Security Symposium},
year = {2016}
}

@article{Sabelfeld:2009jj,
author = {Sabelfeld, Andrei and Sands, David},
title = {{Declassification: Dimensions and principles}},
journal = {Journal of Computer Security},
year = {2009},
volume = {17},
number = {5},
pages = {517--548},
month = oct
}

@inproceedings{Bowman:2015:NF,
 author = {Bowman, William J. and Ahmed, Amal},
 title = {Noninterference for Free},
 booktitle = {Proceedings of the 20th ACM SIGPLAN International Conference on Functional Programming},
 series = {ICFP 2015},
 year = {2015},
 isbn = {978-1-4503-3669-7},
 location = {Vancouver, BC, Canada},
 pages = {101--113},
 numpages = {13},
 acmid = {2784733},
 publisher = {ACM},
 address = {New York, NY, USA},
 keywords = {Noninterference, dependency, fully abstract compilation, information flow, logical relations, parametricity, polymorphism, secure compilation, security},
}

@inproceedings{Lourenco13,
  author    = {Lu{\'{\i}}sa Louren{\c{c}}o and
               Lu{\'{\i}}s Caires},
  title     = {Information Flow Analysis for Valued-Indexed Data Security Compartments},
  booktitle = {Trustworthy Global Computing - 8th International Symposium, {TGC}
               2013, Buenos Aires, Argentina, August 30-31, 2013, Revised Selected
               Papers},
  pages     = {180--198},
 series    = {Lecture Notes in Computer Science},
  volume    = {8358},
  publisher = {Springer},
  year      = {2014},
  timestamp = {Tue, 24 Jun 2014 12:05:25 +0200},
  bibsource = {dblp computer science bibliography, http://dblp.org}
}


@inproceedings{Nanevski11,
  author    = {Aleksandar Nanevski and
               Anindya Banerjee and
               Deepak Garg},
  title     = {Verification of Information Flow and Access Control Policies with
               Dependent Types},
  booktitle = {32nd {IEEE} Symposium on Security and Privacy, S{\&}P 2011, 22-25
               May 2011, Berkeley, California, {USA}},
  pages     = {165--179},
  publisher = {{IEEE} Computer Society},
  year      = {2011},
  timestamp = {Thu, 08 Jan 2015 16:59:44 +0100},
  bibsource = {dblp computer science bibliography, http://dblp.org}
}

@inproceedings{SwamyCC10,
  author    = {Nikhil Swamy and
               Juan Chen and
               Ravi Chugh},
  title     = {Enforcing Stateful Authorization and Information Flow Policies in FINE},
  booktitle = {Programming Languages and Systems, 19th European Symposium on Programming ({ESOP})},
  pages     = {529--549},
  series    = {Lecture Notes in Computer Science},
  volume    = {6012},
  publisher = {Springer},
  year      = {2010},
  timestamp = {Mon, 15 Mar 2010 19:52:35 +0100},
  bibsource = {dblp computer science bibliography, http://dblp.org}
}

@article{Swamy13,
  author    = {Nikhil Swamy and
               Juan Chen and
               C{\'{e}}dric Fournet and
               Pierre{-}Yves Strub and
               Karthikeyan Bhargavan and
               Jean Yang},
  title     = {Secure distributed programming with value-dependent types},
  journal   = {Journal of Functional Programming},
  volume    = {23},
  number    = {4},
  pages     = {402--451},
  year      = {2013},
  timestamp = {Tue, 05 Nov 2013 14:59:48 +0100},
  bibsource = {dblp computer science bibliography, http://dblp.org}
}



@article{Tse07,
  author    = {Stephen Tse and
               Steve Zdancewic},
  title     = {Run-time principals in information-flow type systems},
  journal   = {{ACM} Trans. Program. Lang. Syst.},
  volume    = {30},
  number    = {1},
  year      = {2007},
  timestamp = {Mon, 10 Dec 2007 14:43:00 +0100},
  bibsource = {dblp computer science bibliography, http://dblp.org}
}

@inproceedings{ShaoNDSS16,
  author    = {Yuru Shao and
               Qi Alfred Chen and
               Zhuoqing Morley Mao and
               Jason Ott and
               Zhiyun Qian},
  title     = {Kratos: Discovering Inconsistent Security Policy Enforcement in the
               Android Framework},
  booktitle = {23nd Annual Network and Distributed System Security Symposium, {NDSS}
               2016, San Diego, California, USA, February 21-24, 2016},
  year      = {2016},
  publisher = {The Internet Society},
  bibsource = {dblp computer science bibliography, http://dblp.org}
}

@inproceedings{Landauer93,
  author    = {Jaisook Landauer and
               Timothy Redmond},
  title     = {A Lattice of Information},
  booktitle = {6th {IEEE} Computer Security Foundations Workshop - CSFW'93, Franconia,
               New Hampshire, USA, June 15-17, 1993, Proceedings},
  pages     = {65--70},
  publisher = {{IEEE} Computer Society},
  year      = {1993},
  timestamp = {Thu, 25 May 2017 00:40:50 +0200},
  bibsource = {dblp computer science bibliography, http://dblp.org}
}

