@inproceedings{Wei:2014:APG:2660267.2660357,
 author = {Wei, Fengguo and Roy, Sankardas and Ou, Xinming and Robby},
 title = {Amandroid: A Precise and General Inter-component Data Flow Analysis Framework for Security Vetting of Android Apps},
 booktitle = {Proceedings of the 2014 ACM SIGSAC Conference on Computer and Communications Security},
 series = {CCS '14},
 year = {2014},
 isbn = {978-1-4503-2957-6},
 location = {Scottsdale, Arizona, USA},
 pages = {1329--1341},
 numpages = {13},
 acmid = {2660357},
 publisher = {ACM},
 address = {New York, NY, USA},
 keywords = {android application, icc (inter-component communication), information leakage, malware, points-to analysis, security vetting, vulnerable app},
}

@inproceedings{Li:2015:IDI:2818754.2818791,
 author = {Li, Li and Bartel, Alexandre and Bissyand{\'e}, Tegawend{\'e} F. and Klein, Jacques and Le Traon, Yves and Arzt, Steven and Rasthofer, Siegfried and Bodden, Eric and Octeau, Damien and McDaniel, Patrick},
 title = {IccTA: Detecting Inter-component Privacy Leaks in Android Apps},
 booktitle = {Proceedings of the 37th International Conference on Software Engineering - Volume 1},
 series = {ICSE '15},
 year = {2015},
 isbn = {978-1-4799-1934-5},
 location = {Florence, Italy},
 pages = {280--291},
 numpages = {12},
 acmid = {2818791},
 publisher = {IEEE Press},
 address = {Piscataway, NJ, USA},
}

@article{Arzt:2014:FPC:2666356.2594299,
 author = {Arzt, Steven and Rasthofer, Siegfried and Fritz, Christian and Bodden, Eric and Bartel, Alexandre and Klein, Jacques and Le Traon, Yves and Octeau, Damien and McDaniel, Patrick},
 title = {FlowDroid: Precise Context, Flow, Field, Object-sensitive and Lifecycle-aware Taint Analysis for Android Apps},
 journal = {SIGPLAN Not.},
 issue_date = {June 2014},
 volume = {49},
 number = {6},
 month = jun,
 year = {2014},
 issn = {0362-1340},
 pages = {259--269},
 numpages = {11},
 acmid = {2594299},
 publisher = {ACM},
 address = {New York, NY, USA},
}


@misc{url:android-flaw,
  author = {Chris Smith},
  url = {http://bgr.com/2017/05/09/android-permissions-security-flaw-android-o/},
  title = {Google isnâ€™t fixing a serious Android security flaw for months},
}

@misc{url:android-perm-list,
  author = {Android},
  title = {Manifest.permission},
  url = {https://developer.android.com/reference/android/Manifest.permission.html},
}



@misc{url:dresscode,
  author = {E. Duan},
  title = {DressCode and its potential impact for enterprise, September 2016},
  url = {http://blog.trendmicro.com/trendlabs-security-intelligence/dresscode-potential-impact-enterprises/},
}

@misc{url:android-perm,
  author = {Android},
  title = {Requesting Permissions at Run Time},
  url = {https://developer.android.com/training/permissions/requesting.html},
}

@misc{url:malware,
	author = {Mohit Kumar},
	title = {Beware! New Android Malware Infected 2 Million Google Play Store Users},
	url = {http://thehackernews.com/2017/04/android-malware-playstore.html},
}
