@online{afl,
    author = {Michal Zalewski},
    title = {American Fuzzy Lop},
    url = {http://lcamtuf.coredump.cx/afl/},
    urldate = {2018-04-01},
    year = {2014},
}

@online{libfuzzer,
    author = {LLVM},
    title = {libFuzzer},
    url = {https://llvm.org/docs/LibFuzzer.html},
    urldate = {2018-04-01},
    year = {2015},
}

@online{lwn_tsan,
    author = {Nathan Willis},
    title = {Race detection and more with ThreadSanitizer 2},
    url = {https://lwn.net/Articles/598486/},
    urldate = {2019-01-21},
    year = {2014},
}

@online{openmp,
    author = {OpenMP},
    title = {OpenMP},
    url = {https://www.openmp.org/},
    urldate = {2019-02-16},
    year = {1997},
}

% TODO fix entry
@article{neuzz,
  author    = {Dongdong She and
               Kexin Pei and
               Dave Epstein and
               Junfeng Yang and
               Baishakhi Ray and
               Suman Jana},
  title     = {{NEUZZ:} Efficient Fuzzing with Neural Program Learning},
  journal   = {CoRR},
  volume    = {abs/1807.05620},
  year      = {2018},
  url       = {http://arxiv.org/abs/1807.05620},
  archivePrefix = {arXiv},
  eprint    = {1807.05620},
  timestamp = {Mon, 13 Aug 2018 16:46:05 +0200},
  biburl    = {https://dblp.org/rec/bib/journals/corr/abs-1807-05620},
  bibsource = {dblp computer science bibliography, https://dblp.org},
  pages     = {1--15},
  numpages  = {15},
}

@article{vul_metric,
 author = {Chowdhury, Istehad and Zulkernine, Mohammad},
 title = {Using Complexity, Coupling, and Cohesion Metrics As Early Indicators of Vulnerabilities},
 journal = {J. Syst. Archit.},
 issue_date = {March, 2011},
 volume = {57},
 number = {3},
 month = mar,
 year = {2011},
 issn = {1383-7621},
 pages = {294--313},
 numpages = {20},
 url = {http://dx.doi.org.ezlibproxy1.ntu.edu.sg/10.1016/j.sysarc.2010.06.003},
 doi = {10.1016/j.sysarc.2010.06.003},
 acmid = {1960270},
 publisher = {Elsevier North-Holland, Inc.},
 address = {New York, NY, USA},
 keywords = {Cohesion, Complexity, Coupling, Software metrics, Vulnerability prediction},
}

@book{tlpi,
 author = {Kerrisk, Michael},
 title = {The Linux Programming Interface: A Linux and UNIX System Programming Handbook},
 year = {2010},
 isbn = {1593272200, 9781593272203},
 edition = {1st},
 publisher = {No Starch Press},
 address = {San Francisco, CA, USA},
} 

@article{fuzz_vul_metric,
  author    = {Maksim O. Shudrak and
               Vyacheslav Zolotarev},
  title     = {Improving Fuzzing Using Software Complexity Metrics},
  journal   = {CoRR},
  volume    = {abs/1807.01838},
  year      = {2018},
  pages     = {1--16},
  numpages  = {16},
}

@techreport{Andersen94programanalysis,
    author = {Lars Ole Andersen},
    title = {Program Analysis and Specialization for the C Programming Language},
    institution = {DIKU, University of Copenhagen},
    year = {1994}
}

% TODO fix entry
@article{superion,
  author    = {Junjie Wang and
               Bihuan Chen and
               Lei Wei and
               Yang Liu},
  title     = {Superion: Grammar-Aware Greybox Fuzzing},
  journal   = {CoRR},
  volume    = {abs/1812.01197},
  year      = {2018},
  pages     = {1--12},
  numpages  = {12},
}

% TODO fix entry
@article{fuzz_survey,
  author    = {Valentin J. M. Man{\`{e}}s and
               HyungSeok Han and
               Choongwoo Han and
               Sang Kil Cha and
               Manuel Egele and
               Edward J. Schwartz and
               Maverick Woo},
  title     = {Fuzzing: Art, Science, and Engineering},
  journal   = {CoRR},
  volume    = {abs/1812.00140},
  year      = {2018},
  url       = {http://arxiv.org/abs/1812.00140},
  archivePrefix = {arXiv},
  eprint    = {1812.00140},
  timestamp = {Tue, 01 Jan 2019 15:01:25 +0100},
  biburl    = {https://dblp.org/rec/bib/journals/corr/abs-1812-00140},
  bibsource = {dblp computer science bibliography, https://dblp.org},
  pages     = {1--29},
  numpages  = {29},
}

% TODO fix entry
@article{fsfuzz,
  author    = {Stefan Nagy and
               Matthew Hicks},
  title     = {Full-speed Fuzzing: Reducing Fuzzing Overhead through Coverage-guided
               Tracing},
  journal   = {CoRR},
  volume    = {abs/1812.11875},
  year      = {2018},
  url       = {http://arxiv.org/abs/1812.11875},
  archivePrefix = {arXiv},
  eprint    = {1812.11875},
  timestamp = {Wed, 02 Jan 2019 14:40:18 +0100},
  biburl    = {https://dblp.org/rec/bib/journals/corr/abs-1812-11875},
  bibsource = {dblp computer science bibliography, https://dblp.org},
  pages     = {1--16},
  numpages  = {16},
}

@article{mtbugs_survey,
 author = {Hong, Shin and Kim, Moonzoo},
 title = {A Survey of Race Bug Detection Techniques for Multithreaded Programmes},
 journal = {Softw. Test. Verif. Reliab.},
 issue_date = {May 2015},
 volume = {25},
 number = {3},
 month = may,
 year = {2015},
 issn = {0960-0833},
 pages = {191--217},
 numpages = {27},
 url = {http://dx.doi.org/10.1002/stvr.1564},
 doi = {10.1002/stvr.1564},
 acmid = {2858627},
 publisher = {John Wiley and Sons Ltd.},
 address = {Chichester, UK},
 keywords = {concurrency bug, race bug detection, race condition, survey},
}

% TODO fix entry
@inproceedings{redqueen,
  author = {Cornelius Aschermann and Sergej Schumilo and Tim Blazytko and Robert Gawlik and Thorsten Holz},
  title = {REDQUEEN: Fuzzing with Input-to-State Correspondence},
  booktitle = {26th Annual Network and Distributed System Security Symposium},
  series = {NDSS'19},
  publisher = {The Internet Society},
  year=  {2019},
  address = {San Diego, CA USA},
  pages = {1--15},
  numpages = {15},
}

% TODO fix entry
@inproceedings{hybrid_fuzz,
  author = {Lei Zhao and Yue Duan and Heng Yin and Jifeng Xuan (Wuhan University)},
  title = {Send Hardest Problems My Way: Probabilistic Path Prioritization for Hybrid Fuzzing},
  booktitle = {26th Annual Network and Distributed System Security Symposium},
  series = {NDSS'19},
  publisher = {The Internet Society},
  year = {2019},
  address = {San Diego, CA USA},
  pages = {1--15},
  numpages = {15},  
}

@online{lbzip2,
    author = {Mikolaj Izdebski},
    title =  {lbzip2 - parallel bzip2 compression utility},
    url = {http://lbzip2.org/},
    urldate = {2019-01-21},
    year = {2011}
}

@inproceedings{Bohme:2016:CGF,
    author = {B\"{o}hme, Marcel and Pham, Van-Thuan and Roychoudhury, Abhik},
    title = {Coverage-based Greybox Fuzzing As Markov Chain},
    booktitle = {Proceedings of the 2016 ACM SIGSAC Conference on Computer and Communications Security},
    series = {CCS '16},
    year = {2016},
    isbn = {978-1-4503-4139-4},
    location = {Vienna, Austria},
    pages = {1032--1043},
    numpages = {12},
    acmid = {2978428},
    publisher = {ACM Press},
    address = {New York, NY, USA},
    keywords = {foundations, fuzzing, software security, testing efficiency, vulnerability detection},
}

@inproceedings{Bohme:2017:DGF,
        author = {B\"{o}hme, Marcel and Pham, Van-Thuan and Nguyen, Manh-Dung and Roychoudhury, Abhik},
        title = {Directed Greybox Fuzzing},
        booktitle = {Proceedings of the 2017 ACM SIGSAC Conference on Computer and Communications Security},
        series = {CCS '17},
        year = {2017},
        isbn = {978-1-4503-4946-8},
        location = {Dallas, Texas, USA},
        pages = {2329--2344},
        numpages = {16},
        acmid = {3134020},
        publisher = {ACM Press},
        address = {New York, NY, USA},
        keywords = {coverage-based greybox fuzzing, crash reproduction, directed testing, patch testing, reachability, verifying true positives},
}

@inproceedings{CollAFL,
        author    = {Shuitao Gan and
        Chao Zhang and
        Xiaojun Qin and
        Xuwen Tu and
        Kang Li and
        Zhongyu Pei and
    Zuoning Chen},
        title     = {CollAFL: Path Sensitive Fuzzing},
        booktitle = {2018 {IEEE} Symposium on Security and Privacy},
        address   = {San Francisco, California, {USA}},
        series    = {SP '18},
        pages     = {1--12},
        publisher = {{IEEE Press}},
        year      = {2018}
}

@inproceedings{FairFuzz,
 author = {Lemieux, Caroline and Sen, Koushik},
 title = {FairFuzz: A Targeted Mutation Strategy for Increasing Greybox Fuzz Testing Coverage},
 booktitle = {Proceedings of the 33rd ACM/IEEE International Conference on Automated Software Engineering},
 series = {ASE 2018},
 year = {2018},
 isbn = {978-1-4503-5937-5},
 location = {Montpellier, France},
 pages = {475--485},
 numpages = {11},
 url = {http://doi.acm.org/10.1145/3238147.3238176},
 doi = {10.1145/3238147.3238176},
 acmid = {3238176},
 publisher = {ACM},
 address = {New York, NY, USA},
 keywords = {coverage-guided greybox fuzzing, fuzz testing, rare branches},
} 

@article{Angora,
    author    = {Chen, Peng and
    Chen, Hao},
    title     = {Angora: Efficient Fuzzing by Principled Search},
    journal   = {CoRR},
    volume    = {abs/1803.01307},
    year      = {2018},
    pages     = {711--725},
    url       = {https://arxiv.org/abs/1803.01307v2},
    archivePrefix = {arXiv},
    eprint    = {1803.01307},
    timestamp = {Tue, 27 Mar 2018  05:46:29  +0100},
    biburl    = {https://dblp.org/rec/bib/journals/corr/abs-1803-01307},
    bibsource = {dblp computer science bibliography, https://dblp.org}
}

@inproceedings{Sui:2016:SVF,
    author = {Sui, Yulei and Xue, Jingling},
    title = {SVF: Interprocedural Static Value-flow Analysis in LLVM},
    booktitle = {Proceedings of the 25th International Conference on Compiler Construction},
    series = {CC '16},
    year = {2016},
    isbn = {978-1-4503-4241-4},
    location = {Barcelona, Spain},
    pages = {265--266},
    numpages = {2},
    acmid = {2892235},
    publisher = {ACM Press},
    address = {New York, NY, USA},
    keywords = {Pointer Analysis, SVF, Value-Flow},
}

@inproceedings{DBLP:conf/ppopp/DiS16,
  author    = {Peng Di and
               Yulei Sui},
  title     = {Accelerating Dynamic Data Race Detection Using Static Thread Interference
               Analysis},
  booktitle = {Proceedings of the 7th International Workshop on Programming Models
               and Applications for Multicores and Manycores, PMAM@PPoPP 2016, Barcelona,
               Spain, March 12-16, 2016},
  publisher = {ACM},
  address = {New York, NY, USA},
  pages     = {30--39},
  year      = {2016},
  url       = {http://doi.acm.org/10.1145/2883404.2883405},
  doi       = {10.1145/2883404.2883405},
  timestamp = {Tue, 08 Mar 2016 09:32:55 +0100},
  biburl    = {https://dblp.org/rec/bib/conf/ppopp/DiS16},
  bibsource = {dblp computer science bibliography, https://dblp.org}
}

@inproceedings{DBLP:conf/cgo/SuiDX16,
  author    = {Yulei Sui and
               Peng Di and
               Jingling Xue},
  title     = {Sparse flow-sensitive pointer analysis for multithreaded programs},
  booktitle = {Proceedings of the 2016 International Symposium on Code Generation
               and Optimization, {CGO} 2016, Barcelona, Spain, March 12-18, 2016},
  publisher = {ACM},
  address   = {New York, NY, USA},
  pages     = {160--170},
  year      = {2016},
  url       = {https://doi.org/10.1145/2854038.2854043},
  doi       = {10.1145/2854038.2854043},
  timestamp = {Tue, 06 Nov 2018 16:59:31 +0100},
  biburl    = {https://dblp.org/rec/bib/conf/cgo/SuiDX16},
  bibsource = {dblp computer science bibliography, https://dblp.org}
}

@inproceedings{Chen:2018:HTD:3243734.3243849,
 author = {Chen, Hongxu and Xue, Yinxing and Li, Yuekang and Chen, Bihuan and Xie, Xiaofei and Wu, Xiuheng and Liu, Yang},
 title = {Hawkeye: Towards a Desired Directed Grey-box Fuzzer},
 booktitle = {Proceedings of the 2018 ACM SIGSAC Conference on Computer and Communications Security},
 series = {CCS '18},
 year = {2018},
 isbn = {978-1-4503-5693-0},
 location = {Toronto, Canada},
 pages = {2095--2108},
 numpages = {14},
 url = {http://doi.acm.org/10.1145/3243734.3243849},
 doi = {10.1145/3243734.3243849},
 acmid = {3243849},
 publisher = {ACM},
 address = {New York, NY, USA},
 keywords = {fuzz testing, static analysis},
}


@article{DBLP:journals/corr/abs-1807-03280,
  author    = {Shengjian Guo and
               Meng Wu and
               Chao Wang},
  title     = {Adversarial Symbolic Execution for Detecting Concurrency-Related Cache
               Timing Leaks},
  journal   = {CoRR},
  volume    = {abs/1807.03280},
  year      = {2018},
  url       = {http://arxiv.org/abs/1807.03280},
  archivePrefix = {arXiv},
  eprint    = {1807.03280},
  timestamp = {Mon, 13 Aug 2018 16:47:24 +0200},
  biburl    = {https://dblp.org/rec/bib/journals/corr/abs-1807-03280},
  bibsource = {dblp computer science bibliography, https://dblp.org}
}

@inproceedings{SerebryanyPIV11,
  author    = {Konstantin Serebryany and
               Alexander Potapenko and
               Timur Iskhodzhanov and
               Dmitriy Vyukov},
  title     = {Dynamic Race Detection with {LLVM} Compiler - Compile-Time Instrumentation
               for ThreadSanitizer},
  booktitle = {Runtime Verification - Second International Conference, {RV} 2011,
               San Francisco, CA, USA, September 27-30, 2011, Revised Selected Papers},
  pages     = {110--114},
  year      = {2011},
}


@inproceedings{kcc:tsan,
 author = {Serebryany, Konstantin and Iskhodzhanov, Timur},
 title = {ThreadSanitizer: Data Race Detection in Practice},
 booktitle = {Proceedings of the Workshop on Binary Instrumentation and Applications},
 series = {WBIA '09},
 year = {2009},
 isbn = {978-1-60558-793-6},
 location = {New York, New York, USA},
 pages = {62--71},
 numpages = {10},
 url = {http://doi.acm.org/10.1145/1791194.1791203},
 doi = {10.1145/1791194.1791203},
 acmid = {1791203},
 publisher = {ACM},
 address = {New York, NY, USA},
 keywords = {Valgrind, concurrency bugs, dynamic data race detection, testing},
}

@inproceedings{DBLP:conf/sp/XuQL0K18,
  author    = {Meng Xu and
               Chenxiong Qian and
               Kangjie Lu and
               Michael Backes and
               Taesoo Kim},
  title     = {Precise and Scalable Detection of Double-Fetch Bugs in {OS} Kernels},
  booktitle = {2018 {IEEE} Symposium on Security and Privacy, {SP} 2018, Proceedings,
               21-23 May 2018, San Francisco, California, {USA}},
  pages     = {661--678},
  year      = {2018},
  url       = {https://doi.org/10.1109/SP.2018.00017},
  doi       = {10.1109/SP.2018.00017},
  timestamp = {Fri, 24 Aug 2018 00:34:59 +0200},
  biburl    = {https://dblp.org/rec/bib/conf/sp/XuQL0K18},
  bibsource = {dblp computer science bibliography, https://dblp.org}
}

@article{Samak:2015:SRT:2813885.2737998,
 author = {Samak, Malavika and Ramanathan, Murali Krishna and Jagannathan, Suresh},
 title = {Synthesizing Racy Tests},
 journal = {SIGPLAN Not.},
 issue_date = {June 2015},
 volume = {50},
 number = {6},
 month = jun,
 year = {2015},
 issn = {0362-1340},
 pages = {175--185},
 numpages = {11},
 url = {http://doi.acm.org/10.1145/2813885.2737998},
 doi = {10.1145/2813885.2737998},
 acmid = {2737998},
 publisher = {ACM},
 address = {New York, NY, USA},
 keywords = {concurrency, dynamic analysis, race detection},
}

@inproceedings{Sen:2007:ERT:1321631.1321679,
 author = {Sen, Koushik},
 title = {Effective Random Testing of Concurrent Programs},
 booktitle = {Proceedings of the Twenty-second IEEE/ACM International Conference on Automated Software Engineering},
 series = {ASE '07},
 year = {2007},
 isbn = {978-1-59593-882-4},
 location = {Atlanta, Georgia, USA},
 pages = {323--332},
 numpages = {10},
 url = {http://doi.acm.org.ezlibproxy1.ntu.edu.sg/10.1145/1321631.1321679},
 doi = {10.1145/1321631.1321679},
 acmid = {1321679},
 publisher = {ACM},
 address = {New York, NY, USA},
 keywords = {concurrent programs, random testing},
}

@inproceedings{Lai:2010:DAS:1806799.1806836,
 author = {Lai, Zhifeng and Cheung, S. C. and Chan, W. K.},
 title = {Detecting Atomic-set Serializability Violations in Multithreaded Programs Through Active Randomized Testing},
 booktitle = {Proceedings of the 32Nd ACM/IEEE International Conference on Software Engineering - Volume 1},
 series = {ICSE '10},
 year = {2010},
 isbn = {978-1-60558-719-6},
 location = {Cape Town, South Africa},
 pages = {235--244},
 numpages = {10},
 url = {http://doi.acm.org/10.1145/1806799.1806836},
 doi = {10.1145/1806799.1806836},
 acmid = {1806836},
 publisher = {ACM},
 address = {New York, NY, USA},
 keywords = {atomicity, dynamic analysis, serializability, software testing},
}

@inproceedings{Park:2008:RAA:1453101.1453121,
 author = {Park, Chang-Seo and Sen, Koushik},
 title = {Randomized Active Atomicity Violation Detection in Concurrent Programs},
 booktitle = {Proceedings of the 16th ACM SIGSOFT International Symposium on Foundations of Software Engineering},
 series = {SIGSOFT '08/FSE-16},
 year = {2008},
 isbn = {978-1-59593-995-1},
 location = {Atlanta, Georgia},
 pages = {135--145},
 numpages = {11},
 url = {http://doi.acm.org/10.1145/1453101.1453121},
 doi = {10.1145/1453101.1453121},
 acmid = {1453121},
 publisher = {ACM},
 address = {New York, NY, USA},
 keywords = {atomicity violation detection, concurrency, dynamic analysis, random testing},
}

@online{afl_detail,
    author = {Michal Zalewski},
    title = {Technical "whitepaper" for afl-fuzz},
    url = {http://lcamtuf.coredump.cx/afl/technical_details.txt},
    urldate = {2018-04-01},
    year = {2014},
}

@article{macabecc, 
author={T. J. McCabe}, 
journal={IEEE Transactions on Software Engineering}, 
title={A Complexity Measure}, 
year={1976}, 
volume={SE-2}, 
number={4}, 
pages={308-320},
doi={10.1109/TSE.1976.233837}, 
ISSN={0098-5589}, 
month={Dec},}

@inproceedings{bienia08characterization,
 author = {Bienia, Christian and Kumar, Sanjeev and Singh, Jaswinder Pal and Li, Kai},
 title = {The PARSEC Benchmark Suite: Characterization and Architectural Implications},
 booktitle = {Proceedings of the 17th International Conference on Parallel Architectures and Compilation Techniques},
 series = {PACT '08},
 year = {2008},
 isbn = {978-1-60558-282-5},
 location = {Toronto, Ontario, Canada},
 pages = {72--81},
 numpages = {10},
}

@online{FidgetyAFL,
    author = {Michal Zalewski},
    title = {"FidgetyAFL" implemented in 2.31b},
    url = {https://groups.google.com/forum/#!topic/afl-users/1PmKJC-EKZ0},
    urldate = {2018-05-01},
    year = {2016},
}

@inproceedings{CaiC12,
  author    = {Yan Cai and
               W. K. Chan},
  title     = {MagicFuzzer: Scalable deadlock detection for large-scale applications},
  booktitle = {34th International Conference on Software Engineering, {ICSE} 2012,
               June 2-9, 2012, Zurich, Switzerland},
  pages     = {606--616},
  year      = {2012},
}



@inproceedings{pldi09_fasttrack,
  author    = {Cormac Flanagan and
               Stephen N. Freund},
  title     = {FastTrack: efficient and precise dynamic race detection},
  booktitle = {Proceedings of the 2009 {ACM} {SIGPLAN} Conference on Programming
               Language Design and Implementation, {PLDI} 2009, Dublin, Ireland,
               June 15-21, 2009},
  pages     = {121--133},
  year      = {2009},
  url       = {http://doi.acm.org/10.1145/1542476.1542490},
  doi       = {10.1145/1542476.1542490},
  publisher = {ACM},
  address   = {New York, NY, USA},  
}

@inproceedings{ParkS08,
  author    = {Chang{-}Seo Park and
               Koushik Sen},
  title     = {Randomized active atomicity violation detection in concurrent programs},
  booktitle = {Proceedings of the 16th {ACM} {SIGSOFT} International Symposium on
               Foundations of Software Engineering, 2008, Atlanta, Georgia, USA,
               November 9-14, 2008},
  pages     = {135--145},
  year      = {2008},
}

@inproceedings{JoshiNSG10,
  author    = {Pallavi Joshi and
               Mayur Naik and
               Koushik Sen and
               David Gay},
  title     = {An effective dynamic analysis for detecting generalized deadlocks},
  booktitle = {Proceedings of the 18th {ACM} {SIGSOFT} International Symposium on
               Foundations of Software Engineering, 2010, Santa Fe, NM, USA, November
               7-11, 2010},
  pages     = {327--336},
  year      = {2010},
}

@inproceedings{JoshiPSN09,
  author    = {Pallavi Joshi and
               Chang{-}Seo Park and
               Koushik Sen and
               Mayur Naik},
  title     = {A randomized dynamic program analysis technique for detecting real
               deadlocks},
  booktitle = {Proceedings of the 2009 {ACM} {SIGPLAN} Conference on Programming
               Language Design and Implementation, {PLDI} 2009, Dublin, Ireland,
               June 15-21, 2009},
  pages     = {110--120},
  year      = {2009},
}

@inproceedings{BerganGC14,
  author    = {Tom Bergan and
               Dan Grossman and
               Luis Ceze},
  title     = {Symbolic execution of multithreaded programs from arbitrary program
               contexts},
  booktitle = {Proceedings of the 2014 {ACM} International Conference on Object Oriented
               Programming Systems Languages {\&} Applications, {OOPSLA} 2014,
               part of {SPLASH} 2014, Portland, OR, USA, October 20-24, 2014},
  pages     = {491--506},
  year      = {2014},
}

@inproceedings{Huang15,
  author    = {Jeff Huang},
  title     = {Stateless model checking concurrent programs with maximal causality
               reduction},
  booktitle = {Proceedings of the 36th {ACM} {SIGPLAN} Conference on Programming
               Language Design and Implementation, Portland, OR, USA, June 15-17,
               2015},
  pages     = {165--174},
  year      = {2015},
}

@inproceedings{icse18_ufo,
  author    = {Jeff Huang},
  title     = {{UFO:} predictive concurrency use-after-free detection},
  booktitle = {Proceedings of the 40th International Conference on Software Engineering,
               {ICSE} 2018, Gothenburg, Sweden, May 27 - June 03, 2018},
  pages     = {609--619},
  year      = {2018},
}

@inproceedings{pldi14_maxmodel,
  author    = {Jeff Huang and
               Patrick O'Neil Meredith and
               Grigore Rosu},
  title     = {Maximal sound predictive race detection with control flow abstraction},
  booktitle = {{ACM} {SIGPLAN} Conference on Programming Language Design and Implementation,
               {PLDI} '14, Edinburgh, United Kingdom - June 09 - 11, 2014},
  pages     = {337--348},
  year      = {2014},
}

@inproceedings{Sen08,
  author    = {Koushik Sen},
  title     = {Race directed random testing of concurrent programs},
  booktitle = {Proceedings of the {ACM} {SIGPLAN} 2008 Conference on Programming
               Language Design and Implementation, Tucson, AZ, USA, June 7-13, 2008},
  pages     = {11--21},
  year      = {2008},
}

@inproceedings{Shastry:LNCS2017:Orthrus,
    author="Shastry, Bhargava
    and Leutner, Markus
    and Fiebig, Tobias
    and Thimmaraju, Kashyap
    and Yamaguchi, Fabian
    and Rieck, Konrad
    and Schmid, Stefan
    and Seifert, Jean-Pierre
    and Feldmann, Anja",
    editor="Dacier, Marc
    and Bailey, Michael
    and Polychronakis, Michalis
    and Antonakakis, Manos",
    title = "Static Program Analysis as a Fuzzing Aid",
    booktitle = "Research in Attacks, Intrusions, and Defenses",
    year="2017",
    publisher="Springer International Publishing",
    pages="26--47"
}

@misc{preeny,
  title = {preeny},
  author = {Yan Shoshitaishvili},
  url = {https://github.com/zardus/preeny},
  urldate = {2018-11-06},
  year = {2015},
}

@inproceedings{Wang:2011:CGS:1985793.1985824,
 author = {Wang, Chao and Said, Mahmoud and Gupta, Aarti},
 title = {Coverage Guided Systematic Concurrency Testing},
 booktitle = {Proceedings of the 33rd International Conference on Software Engineering},
 series = {ICSE '11},
 year = {2011},
 isbn = {978-1-4503-0445-0},
 location = {Waikiki, Honolulu, HI, USA},
 pages = {221--230},
 numpages = {10},
 url = {http://doi.acm.org/10.1145/1985793.1985824},
 doi = {10.1145/1985793.1985824},
 acmid = {1985824},
 publisher = {ACM},
 address = {New York, NY, USA},
 keywords = {concurrency, coverage, partial order reduction},
} 

@article{Lamport:1978,
 author = {Lamport, Leslie},
 title = {Time, Clocks, and the Ordering of Events in a Distributed System},
 journal = {Commun. ACM},
 issue_date = {July 1978},
 volume = {21},
 number = {7},
 month = jul,
 year = {1978},
 issn = {0001-0782},
 pages = {558--565},
 numpages = {8},
 url = {http://doi.acm.org/10.1145/359545.359563},
 doi = {10.1145/359545.359563},
 acmid = {359563},
 publisher = {ACM},
 address = {New York, NY, USA},
 keywords = {clock synchronization, computer networks, distributed systems, multiprocess systems},
}

@misc{imagemagick,
  title = {Convert, Edit, Or Compose Bitmap Images @ ImageMagick},
  author = {ImageMagick Studio LLC},
  url = {https://www.imagemagick.org/script/index.php},
  urldate = {2018-11-09},
  year = {1990},
}

@misc{posixstd,
  title = {POSIX.1-2017},
  author = {IEEE and The Open Group},
  url = {http://pubs.opengroup.org/onlinepubs/9699919799/},
  year = {2001},
  urldate = {2018-12-20},
}

@inproceedings{LiuZLZ018,
  author    = {Changming Liu and
               Deqing Zou and
               Peng Luo and
               Bin B. Zhu and
               Hai Jin},
  title     = {A Heuristic Framework to Detect Concurrency Vulnerabilities},
  booktitle = {Proceedings of the 34th Annual Computer Security Applications Conference,
               {ACSAC} 2018, San Juan, PR, USA, December 03-07, 2018},
  pages     = {529--541},
  year      = {2018},
}

@inproceedings{Lattner:2004:LCF:977395.977673,
 author = {Lattner, Chris and Adve, Vikram},
 title = {LLVM: A Compilation Framework for Lifelong Program Analysis \& Transformation},
 booktitle = {Proceedings of the International Symposium on Code Generation and Optimization: Feedback-directed and Runtime Optimization},
 series = {CGO '04},
 year = {2004},
 isbn = {0-7695-2102-9},
 location = {Palo Alto, California},
 pages = {75--},
 url = {http://dl.acm.org/citation.cfm?id=977395.977673},
 acmid = {977673},
 publisher = {IEEE Computer Society},
 address = {Washington, DC, USA},
} 


@inproceedings{Terragni:2018:ECG:3238147.3238224,
 author = {Terragni, Valerio and Pezz\`{e}, Mauro},
 title = {Effectiveness and Challenges in Generating Concurrent Tests for Thread-safe Classes},
 booktitle = {Proceedings of the 33rd ACM/IEEE International Conference on Automated Software Engineering},
 series = {ASE 2018},
 year = {2018},
 isbn = {978-1-4503-5937-5},
 location = {Montpellier, France},
 pages = {64--75},
 numpages = {12},
 url = {http://doi.acm.org/10.1145/3238147.3238224},
 doi = {10.1145/3238147.3238224},
 acmid = {3238224},
 publisher = {ACM},
 address = {New York, NY, USA},
 keywords = {Concurrency faults, Test generation, Thread-safety},
} 

@inproceedings{Lu:2008:LMC:1346281.1346323,
 author = {Lu, Shan and Park, Soyeon and Seo, Eunsoo and Zhou, Yuanyuan},
 title = {Learning from Mistakes: A Comprehensive Study on Real World Concurrency Bug Characteristics},
 booktitle = {Proceedings of the 13th International Conference on Architectural Support for Programming Languages and Operating Systems},
 series = {ASPLOS XIII},
 year = {2008},
 isbn = {978-1-59593-958-6},
 location = {Seattle, WA, USA},
 pages = {329--339},
 numpages = {11},
 url = {http://doi.acm.org/10.1145/1346281.1346323},
 doi = {10.1145/1346281.1346323},
 acmid = {1346323},
 publisher = {ACM},
 address = {New York, NY, USA},
 keywords = {bug characteristics, concurrency bug, concurrent program},
}

@article{lockset_SavageABNS97,
 author = {Savage, Stefan and Burrows, Michael and Nelson, Greg and Sobalvarro, Patrick and Anderson, Thomas},
 title = {Eraser: A Dynamic Data Race Detector for Multithreaded Programs},
 journal = {ACM Trans. Comput. Syst.},
 issue_date = {Nov. 1997},
 volume = {15},
 number = {4},
 month = nov,
 year = {1997},
 issn = {0734-2071},
 pages = {391--411},
 numpages = {21},
 url = {http://doi.acm.org/10.1145/265924.265927},
 doi = {10.1145/265924.265927},
 acmid = {265927},
 publisher = {ACM},
 address = {New York, NY, USA},
 keywords = {binary code modification, multithreaded programming, race detection},
}
	
@inproceedings{Kahlon2007,
 author = {Kahlon, Vineet and Yang, Yu and Sankaranarayanan, Sriram and Gupta, Aarti},
 title = {Fast and Accurate Static Data-race Detection for Concurrent Programs},
 booktitle = {Proceedings of the 19th International Conference on Computer Aided Verification},
 series = {CAV'07},
 year = {2007},
 isbn = {978-3-540-73367-6},
 location = {Berlin, Germany},
 pages = {226--239},
 numpages = {14},
 url = {http://dl.acm.org/citation.cfm?id=1770351.1770386},
 acmid = {1770386},
 publisher = {Springer-Verlag},
 address = {Berlin, Heidelberg},
} 	
	
@inproceedings{Apinis2013,
 author = {Apinis, Kalmer and Seidl, Helmut and Vojdani, Vesal},
 title = {How to Combine Widening and Narrowing for Non-monotonic Systems of Equations},
 booktitle = {Proceedings of the 34th ACM SIGPLAN Conference on Programming Language Design and Implementation},
 series = {PLDI '13},
 year = {2013},
 isbn = {978-1-4503-2014-6},
 location = {Seattle, Washington, USA},
 pages = {377--386},
 numpages = {10},
 url = {http://doi.acm.org/10.1145/2491956.2462190},
 doi = {10.1145/2491956.2462190},
 acmid = {2462190},
 publisher = {ACM},
 address = {New York, NY, USA},
 keywords = {constraint solving, fixpoint iteration, static program analysis},
} 
	
	
	
@article{pratikakis2006locksmith,
	Author = {Pratikakis, Polyvios and Foster, Jeffrey S and Hicks, Michael},
	Date-Added = {2015-08-13 04:13:58 +0000},
	Date-Modified = {2015-08-13 04:13:58 +0000},
	Journal = {ACM SIGPLAN Notices},
	Number = {6},
	Pages = {320--331},
	Publisher = {ACM},
	Title = {LOCKSMITH: context-sensitive correlation analysis for race detection},
	Volume = {41},
	Year = {2006}}
	
@article{Vojdani2009,
    author = {Vesal Vojdani and Varmo Vene},
    title = {Goblint: Path-sensitive data race analysis},
    year = {2009},
    journal = {Annales Univ. Sci. Budapest., Sect. Comp.},
    numpages = {12},
    pages = {1-12},
    number = {},
    volumn = {},
}	

@inproceedings{VoungJL07,
  author    = {Jan Wen Voung and
               Ranjit Jhala and
               Sorin Lerner},
  title     = {{RELAY:} static race detection on millions of lines of code},
  booktitle = {Proceedings of the 6th joint meeting of the European Software Engineering
               Conference and the {ACM} {SIGSOFT} International Symposium on Foundations
               of Software Engineering, 2007, Dubrovnik, Croatia, September 3-7,
               2007},
  pages     = {205--214},
  year      = {2007},
}

@inproceedings{GuoKW16,
  author    = {Shengjian Guo and
               Markus Kusano and
               Chao Wang},
  title     = {Conc-iSE: incremental symbolic execution of concurrent software},
  booktitle = {Proceedings of the 31st {IEEE/ACM} International Conference on Automated
               Software Engineering, {ASE} 2016, Singapore, September 3-7, 2016},
  pages     = {531--542},
  year      = {2016},
}

@inproceedings{YuNPP12,
  author    = {Jie Yu and
               Satish Narayanasamy and
               Cristiano Pereira and
               Gilles Pokam},
  title     = {Maple: a coverage-driven testing tool for multithreaded programs},
  booktitle = {Proceedings of the 27th Annual {ACM} {SIGPLAN} Conference on Object-Oriented
               Programming, Systems, Languages, and Applications, {OOPSLA} 2012,
               part of {SPLASH} 2012, Tucson, AZ, USA, October 21-25, 2012},
  pages     = {485--502},
  year      = {2012},
}

@inproceedings{JinTLL10,
  author    = {Guoliang Jin and
               Aditya V. Thakur and
               Ben Liblit and
               Shan Lu},
  title     = {Instrumentation and sampling strategies for cooperative concurrency
               bug isolation},
  booktitle = {Proceedings of the 25th Annual {ACM} {SIGPLAN} Conference on Object-Oriented
               Programming, Systems, Languages, and Applications, {OOPSLA} 2010,
               October 17-21, 2010, Reno/Tahoe, Nevada, {USA}},
  pages     = {241--255},
  year      = {2010},
}

@inproceedings{ccs18_eval_fuzzing,
 author = {Klees, George and Ruef, Andrew and Cooper, Benji and Wei, Shiyi and Hicks, Michael},
 title = {Evaluating Fuzz Testing},
 booktitle = {Proceedings of the 2018 ACM SIGSAC Conference on Computer and Communications Security},
 series = {CCS '18},
 year = {2018},
 isbn = {978-1-4503-5693-0},
 location = {Toronto, Canada},
 pages = {2123--2138},
 numpages = {16},
 url = {http://doi.acm.org/10.1145/3243734.3243804},
 doi = {10.1145/3243734.3243804},
 acmid = {3243804},
 publisher = {ACM},
 address = {New York, NY, USA},
 keywords = {evaluation, fuzzing, security},
} 

@inproceedings{GuoKWYG15,
  author    = {Shengjian Guo and
               Markus Kusano and
               Chao Wang and
               Zijiang Yang and
               Aarti Gupta},
  title     = {Assertion guided symbolic execution of multithreaded programs},
  booktitle = {Proceedings of the 2015 10th Joint Meeting on Foundations of Software
               Engineering, {ESEC/FSE} 2015, Bergamo, Italy, August 30 - September
               4, 2015},
  pages     = {854--865},
  year      = {2015},
}

@inproceedings{JoshiNPS09,
  author    = {Pallavi Joshi and
               Mayur Naik and
               Chang{-}Seo Park and
               Koushik Sen},
  title     = {CalFuzzer: An Extensible Active Testing Framework for Concurrent Programs},
  booktitle = {Computer Aided Verification, 21st International Conference, {CAV}
               2009, Grenoble, France, June 26 - July 2, 2009. Proceedings},
  pages     = {675--681},
  year      = {2009},
}

@inproceedings{FlanaganG05,
  author    = {Cormac Flanagan and
               Patrice Godefroid},
  title     = {Dynamic partial-order reduction for model checking software},
  booktitle = {Proceedings of the 32nd {ACM} {SIGPLAN-SIGACT} Symposium on Principles
               of Programming Languages, {POPL} 2005, Long Beach, California, USA,
               January 12-14, 2005},
  pages     = {110--121},
  year      = {2005},
}

@inproceedings{YangCGK07,
  author    = {Yu Yang and
               Xiaofang Chen and
               Ganesh Gopalakrishnan and
               Robert M. Kirby},
  title     = {Distributed Dynamic Partial Order Reduction Based Verification of
               Threaded Software},
  booktitle = {Model Checking Software, 14th International {SPIN} Workshop, Berlin,
               Germany, July 1-3, 2007, Proceedings},
  pages     = {58--75},
  year      = {2007},
}

@inproceedings{ZaksJ08,
  author    = {Anna Zaks and
               Rajeev Joshi},
  title     = {Verifying Multi-threaded {C} Programs with {SPIN}},
  booktitle = {Model Checking Software, 15th International {SPIN} Workshop, Los Angeles,
               CA, USA, August 10-12, 2008, Proceedings},
  pages     = {325--342},
  year      = {2008},
}

@inproceedings{Sen07,
  author    = {Koushik Sen},
  title     = {Effective random testing of concurrent programs},
  booktitle = {22nd {IEEE/ACM} International Conference on Automated Software Engineering
               , November 5-9, 2007, Atlanta, Georgia, {USA}},
  pages     = {323--332},
  year      = {2007},
}

@techreport{yang2008inspect,
  title={Inspect: A runtime model checker for multithreaded C programs},
  author={Yang, Yu and Chen, Xiaofang and Gopalakrishnan, Ganesh},
  year={2008},
  institution={Technical Report UUCS-08-004, University of Utah}
}

@inproceedings{YuN09_isca,
  author    = {Jie Yu and
               Satish Narayanasamy},
  title     = {A case for an interleaving constrained shared-memory multi-processor},
  booktitle = {36th International Symposium on Computer Architecture {(ISCA} 2009),
               June 20-24, 2009, Austin, TX, {USA}},
  pages     = {325--336},
  year      = {2009},
}





@ARTICLE{dmp_Devietti, 
	author={J. Devietti and B. Lucia and L. Ceze and M. Oskin}, 
	journal={IEEE Micro}, 
	title={DMP: Deterministic Shared-Memory Multiprocessing}, 
	year={2010}, 
	volume={30}, 
	number={1}, 
	pages={40-49},
	doi={10.1109/MM.2010.14}, 
	ISSN={0272-1732}, 
	month={Jan}
}

@inproceedings{Liupldi2018,
 author = {Liu, Bozhen and Huang, Jeff},
 title = {D4: Fast Concurrency Debugging with Parallel Differential Analysis},
 booktitle = {Proceedings of the 39th ACM SIGPLAN Conference on Programming Language Design and Implementation},
 series = {PLDI 2018},
 year = {2018},
 isbn = {978-1-4503-5698-5},
 location = {Philadelphia, PA, USA},
 pages = {359--373},
 numpages = {15},
 url = {http://doi.acm.org/10.1145/3192366.3192390},
 doi = {10.1145/3192366.3192390},
 acmid = {3192390},
 publisher = {ACM},
 address = {New York, NY, USA},
 keywords = {Concurrency Debugging, Data Races, Deadlocks, Differential Pointer Analysis, Parallel Differential Analysis, Real Time, Static Happens-Before Analysis},
}


@article{racerdoopsla2018,
 author = {Blackshear, Sam and Gorogiannis, Nikos and O\&\#39;Hearn, Peter W. and Sergey, Ilya},
 title = {RacerD: Compositional Static Race Detection},
 journal = {Proc. ACM Program. Lang.},
 issue_date = {November 2018},
 volume = {2},
 number = {OOPSLA},
 month = oct,
 year = {2018},
 issn = {2475-1421},
 pages = {144:1--144:28},
 articleno = {144},
 numpages = {28},
 url = {http://doi.acm.org/10.1145/3276514},
 doi = {10.1145/3276514},
 acmid = {3276514},
 publisher = {ACM},
 address = {New York, NY, USA},
 keywords = {Concurrency, Concurrent Separation Logic, Race Freedom, Static Analysis},
} 


@inproceedings{voung2007relay,
  title={RELAY: static race detection on millions of lines of code},
  author={Voung, Jan Wen and Jhala, Ranjit and Lerner, Sorin},
  booktitle={Proceedings of the the 6th joint meeting of the European software engineering conference and the ACM SIGSOFT symposium on The foundations of software engineering},
  pages={205--214},
  year={2007},
  organization={ACM}
}


@book{naik2006effective,
  title={Effective static race detection for Java},
  author={Naik, Mayur and Aiken, Alex and Whaley, John},
  volume={41},
  number={6},
  year={2006},
  publisher={ACM}
}
